<?xml version="1.0" encoding="UTF-8"?><collection xmlns="http://www.loc.gov/MARC21/slim"><record><leader>00469nam--2200133-i-4500</leader><controlfield tag="001">000019401</controlfield><controlfield tag="002">20161230</controlfield><controlfield tag="005">20161230201033</controlfield><controlfield tag="008">060222s1000------------r-----000-0-eng-d</controlfield><datafield ind1=" " ind2=" " tag="080"><subfield code="a">621.924:015:541.1</subfield></datafield><datafield ind1=" " ind2=" " tag="100"><subfield code="a">Delon, Jean-louis</subfield></datafield><datafield ind1=" " ind2=" " tag="245"><subfield code="a">Influence de differents facteurs physicochimiques et structuraux sur le pouvoir abrasif des compose al2o3,sic,tic,b4c.these</subfield></datafield><datafield ind1=" " ind2=" " tag="260"><subfield code="a">Strasbourg,Faculte Des Sciences De L`Universite Louis Pasteur, 1972.117 P</subfield></datafield><datafield ind1=" " ind2=" " tag="852"><subfield code="a">38090</subfield></datafield></record></collection>